@book{combarro2023practical,
  title={A Practical Guide to Quantum Machine Learning and Quantum Optimization: Hands-on Approach to Modern Quantum Algorithms},
  author={Combarro, E and Gonzalez-Castillo, S and Di Meglio, A},
  year={2023},
  publisher={Packt Publishing}
}

@book{schuld2021machine,
  title={Machine learning with quantum computers},
  author={Schuld, Maria and Petruccione, Francesco},
  year={2021},
  publisher={Springer},
  url={https://doi.org/10.1007/978-3-030-83098-4}
}

@misc{ghojogh2021reproducing,
  title={Reproducing Kernel Hilbert Space, Mercer's Theorem, Eigenfunctions, Nystr\"om Method, and Use of Kernels in Machine Learning: Tutorial and Survey}, 
  author={Benyamin Ghojogh and Ali Ghodsi and Fakhri Karray and Mark Crowley},
  year={2021},
  eprint={2106.08443},
  archivePrefix={arXiv},
  primaryClass={stat.ML}
}

@book{pastorello2022concise,
  title={Concise Guide to Quantum Machine Learning},
  author={Pastorello, Davide},
  year={2022},
  publisher={Springer Nature}
}

@article{schuld2019quantum,
  title={Quantum machine learning in feature Hilbert spaces},
  author={Schuld, Maria and Killoran, Nathan},
  journal={Physical review letters},
  volume={122},
  number={4},
  pages={040504},
  year={2019},
  publisher={APS}
}

@book{schuld2018supervised,
  title={Supervised learning with quantum computers},
  author={Schuld, Maria and Petruccione, Francesco},
  volume={17},
  year={2018},
  publisher={Springer}
}

@misc{rudin2012kernelcourse,
  title={Prediction: Machine learning and statistics (MIT 15.097), lecture 13: kernels}, 
  author={Cynthia Rudin},
  year={2012},
  note={Massachusetts Institute of Technology}
}

@misc{kay2018tutorial,
  title={Tutorial on the quantikz package},
  author={Kay, Alastair},
  eprint={1809.03842},
  archivePrefix={arXiv},
  primaryClass={stat.ML},
  year={2018}
}

@book{brezis2011functional,
  title={Functional analysis, Sobolev spaces and partial differential equations},
  author={Brezis, Haim},
  volume={2},
  number={3},
  year={2011},
  publisher={Springer}
}

@article{schuld2019evaluating,
  title={Evaluating analytic gradients on quantum hardware},
  author={Schuld, Maria and Bergholm, Ville and Gogolin, Christian and Izaac, Josh and Killoran, Nathan},
  journal={Physical Review A},
  volume={99},
  number={3},
  pages={032331},
  year={2019},
  publisher={APS}
}


@ARTICLE{noFreeLunch,
  author={Wolpert, D.H. and Macready, W.G.},
  journal={IEEE Transactions on Evolutionary Computation}, 
  title={No free lunch theorems for optimization}, 
  year={1997},
  volume={1},
  number={1},
  pages={67-82},
  doi={10.1109/4235.585893}}

@book{joking_book,
	author		=	{R.~Leighton, R. Feynman},
	title		=	{Surely you're joking, Mr. Feynman},
	publisher	=	{WW Norton \& Co},
	isbn        =   {0393355624},
	year		=	{2018},
}

@article{Feynman,
    title       =   {Simulating physics with computers},
    author      =   {Richard P.~Feynman},
    journal     =   {International Journal of Theoretical Physics},
    number      =   {21},
    pages       =   {467-488},
    year        =   {1982},
    doi         =   {https://doi.org/10.1007/BF02650179}
}

@book{nielsen_chuang_2010, 
    place={Cambridge}, 
    title={Quantum Computation and Quantum Information: 10th Anniversary Edition}, 
    DOI={10.1017/CBO9780511976667}, 
    publisher={Cambridge University Press}, 
    author={Nielsen, Michael A. and Chuang, Isaac L.}, 
    year={2010}
}

@thesis{tfg_ocete,
    author  = {José A. Alvarez Ocete},
    title   = { De Novo Genome assembly using Quantum Annealing},
    school  = {Universidad de Granada},
    year    = {2021},
    month   = {sep},
    type    = {Bachelor's Thesis},
    note    = {Bacherlor's Thesis, Universidad de Granada},
    url     =  {https://github.com/Ocete/TFG/blob/main/thesis.pdf}
}

@book{Scherer_book,
	author		=	{W.~Scherer},
	title		=	{Mathematics of Quantum Computing An Introduction},
	publisher	=	{Springer Cham},
	chapter		=	{1-5},
	year		=	{2016},
	doi 		=	{https://doi.org/10.1007/978-3-030-12358-1}
}

@misc{qm-ugr,
  title={Quantum Mechanics}, 
  author={José Ignacio Illana},
  year={2022},
  note={Universidad de Granada}
}

@misc{paya-apuntes,
  title={Apuntes de Análisis funcional}, 
  author={Rafael Payá},
  note={Universidad de Granada}
}

@misc{mariamedina-apuntes,
  title={Apuntes de Análisis funcional}, 
  author={María Medina},
  year={2023},
  note={Universidad Autónoma de Madrid}
}

@book{garcia2015data,
  title={Data preprocessing in data mining},
  author={Garc{\'\i}a, Salvador and Luengo, Juli{\'a}n and Herrera, Francisco},
  volume={72},
  year={2015},
  publisher={Springer}
}

@book{jung2022machine,
  title={Machine Learning: The Basics},
  author={Jung, A.},
  isbn={9789811681936},
  series={Machine Learning: Foundations, Methodologies, and Applications},
  year={2022},
  publisher={Springer Nature Singapore}
}

@misc{schatzki2021entangled,
      title={Entangled Datasets for Quantum Machine Learning}, 
      author={Louis Schatzki and Andrew Arrasmith and Patrick J. Coles and M. Cerezo},
      year={2021},
      eprint={2109.03400},
      archivePrefix={arXiv},
      primaryClass={quant-ph}
}

@misc{Perrier_QDataSet_Quantum_Datasets_2021,
    author = {Perrier, Elija and Youssry, Akram and Ferrie, Chris},
    doi = {10.5281/zenodo.5202814},
    month = {8}, 
    title = {QDataSet: Quantum Datasets for Machine Learning}, 
    url = {https://github.com/eperrier/QDataSet}, 
    year = {2021} 
}

@book{geron2022hands,
  title={Hands-on machine learning with Scikit-Learn, Keras, and TensorFlow},
  author={G{\'e}ron, Aur{\'e}lien},
  year={2022},
  publisher={" O'Reilly Media, Inc."}
}

@misc{scikit-metrics,
    author = {scikit-learn},
    title = {3.3. Metrics and scoring: quantifying the quality of predictions},
    howpublished = {\url{https://scikit-learn.org/stable/modules/model_evaluation.html#classification-metrics}},
    note = {Accessed: 30th October 2023}
}

@book{mustafa-learningdata,
  title={Learning from data},
  author={Y. S. Abu-Mostafa, M. Magdon-Ismail and H.-T. Lin},
  year={2012},
  publisher={AMLBook},
  volume={4},
  chapter={8}
}

@article{rosenblatt1958perceptron,
  title={The perceptron: a probabilistic model for information storage and organization in the brain.},
  author={Rosenblatt, Frank},
  journal={Psychological review},
  volume={65},
  number={6},
  pages={386},
  year={1958},
  publisher={American Psychological Association}
}

@book{aggarwal2018neural,
  title={Neural networks and deep learning},
  author={Aggarwal, Charu C and others},
  journal={Springer},
  volume={10},
  number={978},
  pages={3},
  year={2018},
  publisher={Springer}
}

@book{nielsen2015neural,
  title={Neural networks and deep learning},
  author={Nielsen, Michael A},
  volume={25},
  year={2015},
  publisher={Determination press San Francisco, CA, USA}
}

@book{hebb2005organization,
  title={The organization of behavior: A neuropsychological theory},
  author={Hebb, Donald Olding},
  year={2005},
  publisher={Psychology press}
}

@article{bergholm2018pennylane,
  title={Pennylane: Automatic differentiation of hybrid quantum-classical computations},
  author={Bergholm, Ville and Izaac, Josh and Schuld, Maria and Gogolin, Christian and Ahmed, Shahnawaz and Ajith, Vishnu and Alam, M Sohaib and Alonso-Linaje, Guillermo and AkashNarayanan, B and Asadi, Ali and others},
  journal={arXiv preprint arXiv:1811.04968},
  year={2018}
}

@article{casale2023large,
  title={Large-Scale Quantum Separability Through a Reproducible Machine Learning Lens},
  author={Casal{\'e}, Balthazar and Di Molfetta, Giuseppe and Anthoine, Sandrine and Kadri, Hachem},
  journal={arXiv preprint arXiv:2306.09444},
  year={2023}
}

@article{urena2023entanglement,
  title={Entanglement detection with classical deep neural networks},
  author={Ure{\~n}a, Julio and Sojo, Antonio and Bermejo, Juani and Manzano, Daniel},
  journal={arXiv preprint arXiv:2304.05946},
  year={2023}
}

@article{HORODECKI19961,
    title = {Separability of mixed states: necessary and sufficient conditions},
    journal = {Physics Letters A},
    volume = {223},
    number = {1},
    pages = {1-8},
    year = {1996},
    url = {	arXiv:quant-ph/9605038},
    author = {Michał Horodecki, Paweł Horodecki and Ryszard Horodecki}
}

@article{guhne2009entanglement,
  title={Entanglement detection},
  author={G{\"u}hne, Otfried and T{\'o}th, G{\'e}za},
  journal={Physics Reports},
  volume={474},
  number={1-6},
  pages={1--75},
  year={2009},
  publisher={Elsevier}
}

@misc{gurvits2003classical,
      title={Classical deterministic complexity of Edmonds' problem and Quantum Entanglement}, 
      author={Leonid Gurvits},
      year={2003},
      eprint={quant-ph/0303055},
      archivePrefix={arXiv},
      primaryClass={quant-ph}
}

@book{breuer2002theory,
  title={The theory of open quantum systems},
  author={Breuer, Heinz-Peter and Petruccione, Francesco},
  year={2002},
  publisher={Oxford University Press, USA}
}

@article{olivera2023benefits,
  title={Benefits of Open Quantum Systems for Quantum Machine Learning},
  author={Olivera-Atencio, Mar{\'\i}a Laura and Lamata, Lucas and Casado-Pascual, Jes{\'u}s},
  journal={arXiv preprint arXiv:2308.02837},
  year={2023}
}

@article{lidar2019lecture,
  title={Lecture notes on the theory of open quantum systems},
  author={Lidar, Daniel A},
  journal={arXiv preprint arXiv:1902.00967},
  year={2019}
}

@book{conway2019course,
  title={A course in functional analysis},
  author={Conway, John B},
  volume={96},
  year={2019},
  publisher={Springer}
}

@thesis{tfg_fismat,
    author  = {José Dueñas García},
    title   = {Puntos excepcionales en sistemas cuánticos markovianos. Aplicaciones en Termodinámica cuántica},
    school  = {Universidad de Granada},
    year    = {2022},
    type    = {Bachelor's Thesis},
    note    = {Bacherlor's Thesis, Universidad de Granada},
}

@article{weinan2020machine,
  title={Machine learning and computational mathematics},
  author={Weinan, E},
  journal={arXiv preprint arXiv:2009.14596},
  year={2020}
}

@article{ma2020towards,
  title={Towards a mathematical understanding of neural network-based machine learning: what we know and what we don't},
  author={Weinan, E and Ma, Chao and Wojtowytsch, Stephan and Wu, Lei},
  journal={arXiv preprint arXiv:2009.10713},
  year={2020}
}

@article{ma2022barron,
  title={The Barron space and the flow-induced function spaces for neural network models},
  author={Ma, Chao and Wu, Lei and others},
  journal={Constructive Approximation},
  volume={55},
  number={1},
  pages={369--406},
  year={2022},
  publisher={Springer}
}

@article{barron1993universal,
  title={Universal approximation bounds for superpositions of a sigmoidal function},
  author={Barron, Andrew R},
  journal={IEEE Transactions on Information theory},
  volume={39},
  number={3},
  pages={930--945},
  year={1993},
  publisher={IEEE}
}

@article{ali2023explainable,
	title={Explainable Artificial Intelligence (XAI): What we know and what is left to attain Trustworthy Artificial Intelligence},
	author={Ali, Sajid and Abuhmed, Tamer and El-Sappagh, Shaker and Muhammad, Khan and Alonso-Moral, Jose M and Confalonieri, Roberto and Guidotti, Riccardo and Del Ser, Javier and D{\'\i}az-Rodr{\'\i}guez, Natalia and Herrera, Francisco},
	journal={Information Fusion},
	volume={99},
	pages={101805},
	year={2023},
	publisher={Elsevier}
	issn = {1566-2535},
	doi = {https://doi.org/10.1016/j.inffus.2023.101805},
	url = {https://www.sciencedirect.com/science/article/pii/S1566253523001148}
}

